@inproceedings{siek2000concept,
  title={Concept checking: Binding parametric polymorphism in C++},
  author={Siek, Jeremy and Lumsdaine, Andrew},
  booktitle={First Workshop on C++ Template Programming},
  year={2000},
  organization={Germany}
}
@article{ghosh2004generics,
  title={Generics in Java and C++: a comparative model},
  author={Ghosh, Debasish},
  journal={ACM SIGPLAN Notices},
  volume={39},
  number={5},
  pages={40--47},
  year={2004},
  publisher={ACM}
}
@article{cardelli1987basic,
  title={Basic polymorphic typechecking},
  author={Cardelli, Luca},
  journal={Science of computer programming},
  volume={8},
  number={2},
  pages={147--172},
  year={1987},
  publisher={Elsevier}
}
@article{milner1978theory,
  title={A theory of type polymorphism in programming},
  author={Milner, Robin},
  journal={Journal of computer and system sciences},
  volume={17},
  number={3},
  pages={348--375},
  year={1978},
  publisher={Elsevier}
}
@misc{gospec,
  title={The Go Programming Language Specification},
  author={Google},
  howpublished={\url{https://golang.org/ref/spec}},
  note={Accessed: 2016-04-19}
}
@inproceedings{godesign,
  title={Go at google},
  author={Pike, Rob},
  booktitle={Proceedings of the 3rd annual conference on Systems, programming, and applications: software for humanity},
  pages={5--6},
  year={2012},
  organization={ACM}
}
@misc{gofaq,
  title={Frequently Asked Questions (FAQ)},
  author={Google},
  howpublished={\url{https://golang.org/doc/faq}},
  note={Accessed: 2016-04-19}
}
@misc{goselfhost,
  title={Go 1.5 Release Notes},
  author={Google},
  howpublished={\url{http://tip.golang.org/doc/go1.5}},
  note={Accessed: 2016-04-19}
}
@misc{gcc,
  title={GCC, the GNU Compiler Collection},
  author={Free Software Foundation, Inc.},
  howpublished={\url{https://gcc.gnu.org/}},
  note={Accessed: 2016-04-19}
}
@inproceedings{llvm,
  title={LLVM: A compilation framework for lifelong program analysis \& transformation},
  author={Lattner, Chris and Adve, Vikram},
  booktitle={Code Generation and Optimization, 2004. CGO 2004. International Symposium on},
  pages={75--86},
  year={2004},
  organization={IEEE}
}
@article{ssa,
  title={Efficiently computing static single assignment form and the control dependence graph},
  author={Cytron, Ron and Ferrante, Jeanne and Rosen, Barry K and Wegman, Mark N and Zadeck, F Kenneth},
  journal={ACM Transactions on Programming Languages and Systems (TOPLAS)},
  volume={13},
  number={4},
  pages={451--490},
  year={1991},
  publisher={ACM}
}
@inproceedings{csharp,
  title={Design and implementation of generics for the. net common language runtime},
  author={Kennedy, Andrew and Syme, Don},
  booktitle={ACM SigPlan Notices},
  volume={36},
  pages={1--12},
  year={2001},
  organization={ACM}
}
